@article{einstein1905,
  title={Zur Elektrodynamik bewegter KÃ¶rper},
  author={Einstein, Albert},
  journal={Annalen der Physik},
  volume={17},
  number={10},
  pages={891--921},
  year={1905},
  publisher={Wiley Online Library}
}

@book{knuth1984,
  title={The TeXbook},
  author={Knuth, Donald E.},
  year={1984},
  publisher={Addison-Wesley}
}

@inproceedings{goodfellow2014,
  title={Generative adversarial nets},
  author={Goodfellow, Ian and Pouget-Abadie, Jean and Mirza, Mehdi and Xu, Bing and Warde-Farley, David and Ozair, Sherjil and Courville, Aaron and Bengio, Yoshua},
  booktitle={Advances in neural information processing systems},
  pages={2672--2680},
  year={2014}
}

@article{lecun2015,
  title={Deep learning},
  author={LeCun, Yann and Bengio, Yoshua and Hinton, Geoffrey},
  journal={Nature},
  volume={521},
  number={7553},
  pages={436--444},
  year={2015},
  publisher={Nature Publishing Group}
}

@misc{openai2023,
  title={GPT-4 Technical Report},
  author={OpenAI},
  year={2023},
  eprint={2303.08774},
  archivePrefix={arXiv},
  primaryClass={cs.CL}
} 